% ------------------------------------------------------------------------
% SAMPLE BIBLIOGRAPHY FILE
% ------------------------------------------------------------------------

@BOOK{texbook,
   author = "Donald E. Knuth",
   title= "The {{\TeX}book}",
   publisher = "Addison-Wesley",
   year = 1984 }

@BOOK{latex,
   author = "Leslie Lamport",
   title = "{\LaTeX:} {A} Document Preparation System",
   publisher = "Addison-Wesley",
   year = 1986 }
   
@article{Shi2016,
abstract = {A single-chip Optical Time Domain Reflectometer (OTDR) system-on-chip (SoC) for fiber-optic fault detection and localization is presented. The IC can be configured into several modes including high-performance mode (external modulator and expensive off-chip laser / APD), and low-cost mode (low power/gain and inexpensive laser / APD). Experimental optical measurements demonstrate that the maximum detectable fiber length of the proposed OTDR SoC can be as long as 25km, while the spatial resolution can achieve 2.5m, 4m and 10m, for various configurations. Compared with current discrete solutions on the market, the proposed OTDR system can reduce the cost by 100x, area by 5x, and power consumption by 4x.},
author = {Shi, Jingbo and Qi, Nan and Yang, Qianqian and Guo, Hui and Yang, Guangyao and Du, Jiangbing and Liu, Qingwen and He, Zuyuan and Bai, Rui and Chiang, Patrick Yin and Hong, Zhiliang},
doi = {10.1109/IEEE-IWS.2016.7585445},
file = {:D$\backslash$:/Tesina/Articulos/07585445.pdf:pdf},
isbn = {9781509006960},
journal = {2016 IEEE MTT-S International Wireless Symposium, IWS 2016},
keywords = {APD,Optical time domain reflectometer (OTDR),fiber length dection,laser,low cost OTDR,optical fiber insert loss,optical fiber sensor,transimpedance amplifier},
number = {1},
pages = {1--4},
publisher = {IEEE},
title = {{A low-cost, system-on-chip for Optical Time Domain Reflectometry (OTDR)}},
year = {2016}
}

@book{Agrawal2012,
address = {Hoboken},
author = {Agrawal, Govind P},
edition = {4},
editor = {{John Wiley{\&} Sons}},
file = {:D$\backslash$:/Tesina/Books/communication{\_}systems.pdf:pdf},
isbn = {9780470505113},
mendeley-groups = {Thesis},
pages = {1--23},
publisher = {John Wiley{\&} Sons},
title = {{Fiber‐Optic Communication Systems}},
year = {2012}
}

@article{Rawicz2008,
abstract = {In his 1917 " On Quantum Theory of Radiation " paper Albert Einstein introduced the concept of amplification of radiation through stimulated emission with coherence. This concept had not been applied in practice until 1952 when Joseph Weber, followed by Townes, Basov and Prokhorov, developed the theory and started working on the construction of masers. The first maser was demonstrated by Townes' team in 1953. Many researchers began thinking about making an " optical maser " , but the transition from centimeter to nanometer waves posed a problem. Well funded researchers in the USA and Soviet Union put their efforts into making an " optical maser " . In May 16, 1960 an unknown and underfunded researcher, Theodore Harold Maiman, won the race and demonstrated a fully functional ruby laser. The scientific world was astonished by its simplicity and elegance. Maiman's short paper describing the invention appeared immediately in Nature magazine. This invention caused an avalanche of new laser developments followed by the growing number of applications in almost all fields of our lives. Ted Maiman died in 2007 in Vancouver, just 13 days before the 47 th anniversary of the invention of the laser. The intention of this paper is to focus on the life of the scientific},
author = {Rawicz, Andrew H.},
doi = {10.1117/12.817966},
file = {:D$\backslash$:/Tesina/Articulos/10.1.1.898.67.pdf:pdf},
isbn = {9780819473790},
issn = {0277786X},
journal = {Photonics, Devices, and Systems IV},
keywords = {invention of laser,theodore maiman short biography},
pages = {713802},
title = {{Theodore Harold Maiman and the invention of laser}},
volume = {7138},
year = {2008}
}

@book{Tomasi2003,
abstract = {El objeto de este libro es presentar al lector los conceptos b{\'{a}}sicos de los sistemas convencionales de comunicaciones electr{\'{o}}nicas anal{\'{o}}gicas, y ampliar sus conocimientos con los sistemas de comunicaciones m{\'{a}}s modernos, digitales, de fibra {\'{o}}ptica, de microondas, satelitales y telef{\'{o}}nicos celulares, y satelitales de comunicaciones personales. El libro se escribi{\'{o}} para que un lector con conocimientos previos de los principios b{\'{a}}sicos de electr{\'{o}}nica, y comprensi{\'{o}}n de matem{\'{a}}ticas hasta los conceptos fundamentales de c{\'{a}}lculo, tenga poca dificultad para comprender los temas que se presentan. En el texto hay muchos ejemplos que hacen {\'{e}}nfasis en los conceptos m{\'{a}}s importantes. Al final de cada cap{\'{i}}tulo se incluyen preguntas y problemas; al final del libro se presentan las respuestas a los problemas seleccionados.},
author = {Tomasi, Wayne and Gloria, Ing and Hern{\'{a}}ndez, Mata and Virgilio, Ing and Pozo, Gonz{\'{a}}lez},
file = {:D$\backslash$:/Tesina/Books/sistemas-de-comunicaciones-electronicas-tomasi-4ta-edicion.pdf:pdf},
isbn = {9702603161},
keywords = {comunicaciones electr{\'{o}}nicas},
pages = {972},
title = {{Sistemas de comunicaciones opticas}},
url = {http://fernandoarciniega.com/books/sistemas-de-comunicaciones-electronicas-tomasi-4ta-edicion.pdf},
year = {2003}
}

@book{keiser3,
Author = {Keiser, Gerd},
ISBN = {0-07-033617-2},
Publisher = {McGraw-Hill},
Title = {Optical fiber communications.},
URL = {http://pbidi.unam.mx:8080/login?url=http://search.ebscohost.com/login.aspx?direct=true&db=cat02025a&AN=lib.MX001000553689&lang=es&site=eds-live},
Year = {1991},
}



@book{nerivela,
  author    = {Neri Vela, Rodolfo},
  editor    = {Universidad Veracruzana},
  page     = {216},
  title     = {Líneas de Transmisión},
  publisher = {Universidad Veracruzana},
  year      = {2013}
}

@misc{STMicroelectronics2020,
author = {STMicroelectronics},
file = {:D$\backslash$:/Tesina/Books/stm32f446mc.pdf:pdf},
number = {July},
pages = {198},
title = {{STM32F446xC / Reference Manual}},
year = {2020}
}
@article{Waterman2014,
author = {Waterman, Andrew and Lee, Yunsup and Patterson, David},
file = {:D$\backslash$:/Tesina/Articulos/riscv-spec.pdf:pdf},
title = {{The RISC-V Instruction Set Manual}},
volume = {I},
year = {2014}
}
@article{ARM2007,
abstract = {About the ARM Architecture The ARM architecture is the industry's leading 16/32-bit embedded RISC processor solution. ARM Powered microprocessors are being routinely designed into a wider range of products than any other 32-bit processor. This wide applicability is made possible by the ARM architecture, resulting in optimal system solutions at the crossroads of high performance, low power consumption and low cost. About the book This is the authoritative reference guide to the ARM RISC architecture. Produced by the architects that are actively working on the ARM specification, the book contains detailed information about all versions of the ARM and Thumb instruction sets, the memory management and cache functions, as well as optimized code examples. 0201737191B05092001},
author = {ARM},
doi = {ARM DDI 0406C.c},
file = {:D$\backslash$:/Tesina/Articulos/DDI0403E{\_}B{\_}armv7m{\_}arm.pdf:pdf},
isbn = {0201737191},
issn = {{\textless}null{\textgreater}},
keywords = {ARMv8,Cortex-,Cortex-A50,Cortex-A53,Cortex-A70},
pages = {1--1138},
title = {{ARM Architecture Reference Manual}},
year = {2007}
}


@online{armpage,
author = {Arm Holdings},
title = {Arm Developers site},
year = 2020,
url = {https://developer.arm.com/?_ga=2.18664881.942915383.1601259541-62409279.1600647102},
urldate = {2020-09-27}
}
% ------------------------------------------------------------------------

@BOOK{RR73,
 author={H. Radjavi and P. Rosenthal},
 title={Invariant {Subspaces}},
 publisher={Springer-Verlag},
 address={New York},
 year={1973},
}

@BOOK{Aup91,
 author={B. Aupetit},
 title={A {Primer} on {Spectral} {Theory}},
 publisher={Springer-Verlag},
 address={New York},
 year={1991},
}

@BOOK{Dou72,
 author={R. G. Douglas},
 title={Banach {Algebra} {Techniques} in {Operator} {Theory}},
 publisher={Academic Press},
 address={New York},
 year={1972},
}

@BOOK{Hal82,
 author={P. R. Halmos},
 title={A {Hilbert} {Space} {Problem} {Book}},
 edition={Second},
 publisher={Springer-Verlag},
 address={New York},
 year={1982},
}

@BOOK{Rud73,
 author={W. Rudin},
 title={Functional {Analysis}},
 publisher={McGraw-Hill},
 address={New York},
 year={1973},
}

@BOOK{Con90,
 author={J. B. Conway},
 title={A {Course} in {Functional} {Analysis}},
 edition={Second},
 publisher={Springer-Verlag},
 address={New York},
 year={1990},
}

@BOOK{Con78,
 author={J. B. Conway},
 title={Functions of {One} {Complex} {Variable}},
 publisher={Springer-Verlag},
 address={New York},
 year={1978},
}

@BOOK{KR83,
 author={R. V. Kadison and J. R. Ringrose},
 title={Fundamentals of the {Theory} of {Operator} {Algebras},
        {Part} {I}},
 publisher={Academic Press},
 address={New York},
 year={1983},
}

@BOOK{KR86,
 author={R. V. Kadison and J. R. Ringrose},
 title={Fundamentals of the {Theory} of {Operator} {Algebras},
        {Part} {II}},
 publisher={Academic Press},
 address={New York},
 year={1986},
}

@INBOOK{SFPT,
 author={N. Dunford and J. T. Schwartz},
 title={Linear {Operators},
        {Part} {I}: {General} {Theory}},
 pages={456},
 publisher={Interscience},
 address={New York},
 year={1957},
}

@BOOK{DS57,
 author={N. Dunford and J. T. Schwartz},
 title={Linear {Operators},
        {Part} {I}: {General} {Theory}},
 publisher={Interscience},
 address={New York},
 year={1957},
}

@BOOK{Gan59,
 author={F. R. Gantmacher},
 title={Applications of the {Theory} of {Matrices}},
 publisher={Interscience},
 address={New York},
 year={1959},
}

@BOOK{Pau86,
 author={Vern I. Paulsen},
 title={Completely bounded maps and dilations},
 series={Pitman Research Notes in Mathematics Series},
 volume={146},
 publisher={Longman Scientific \& Technical},
 address={Harlow UK},
 year={1986},
}

@BOOK{Dav88,
 author={Kenneth R. Davidson},
 title={Nest algebras},
 series={Pitman Research Notes in Mathematics Series},
 volume={191},
 publisher={Longman Scientific \& Technical},
 address={Harlow UK},
 year={1988},
}

@BOOK{Spi65,
 author={Michael Spivak},
 title={Calculus on {Manifolds}},
 publisher={The Benjamin/Cummings Publishing Company},
 address={New York},
 year={1965},
}

@BOOK{Dev68,
 author={Allen Devinaz},
 title={Advanced {Calculus}},
 publisher={Holt, Rinehart and Winston},
 address={New York},
 year={1968},
}

@BOOK{Gam90,
 editor={R. V. Gamkerlidze},
 title={Analysis {I}{I}: {Convex} {Analysis} and
        {Approximation} {Theory}},
 series={Encyclopaedia of Mathematical Sciences},
 volume={14},
 publisher={Springer-Verlag},
 address={New York},
 year={1990},
}

@BOOK{Hen93,
 author={Peter Henderson},
 title={Object-oriented specification and design with {C}$++$},
 publisher={McGraw-Hill},
 address={London},
 year={1993},
}

% ------------------------------------------------------------------------

@ARTICLE{Rea85,
 author={C. J. Read},
 title={A solution to the invariant subspace problem on the space $l_1$},
 journal={Bull. London Math. Soc.},
 volume={17},
 year={1985},
 pages={305-317},
}

@ARTICLE{Enf87,
 author={P. Enflo},
 title={On the invariant subspaces problem for {Banach} spaces},
 journal={Acta. Math.},
 note={Seminare Maurey-Schwartz (1975-1976)},
 volume={158},
 year={1987},
 pages={213-313},
}

@ARTICLE{Dau75,
 author={J. Daughtry},
 title={An invariant subspace theorem},
 journal={Proc. Amer. Math. Soc.},
 volume={49},
 year={1975},
 pages={267-268},
}

@ARTICLE{KPS75,
 author={H. W. Kim and C. Pearcy and A. L. Shields},
 title={Rank-One Commutators and Hyperinvariant Subspaces},
 journal={Michigan Math. J.},
 volume={22},
 number={3},
 year={1975},
 pages={193-194},
}

% --------------------------------------------------------------------------

@ARTICLE{Rad87,
 author={H. Radjavi},
 title={The {Engel}-{Jacobson} {Theorem} {Revisited}},
 journal={J. Alg.},
 volume={111},
 year={1987},
 pages={427-430},
}

@ARTICLE{MOR91,
 author={B. Mathes and M. Omladi\v{c} and H. Radjavi},
 title={Linear {Spaces} of {Nilpotent} {Operators}},
 journal={Linear Algebra Appl.},
 volume={149},
 year={1991},
 pages={215-225},
}

@ARTICLE{Lom73,
 author={V. I. Lomonosov},
 title={Invariant subspaces for operators commuting with compact
        operators},
 journal={Functional Anal. Appl.},
 volume=7,
 year=1973,
 pages="213-214",
}

@ARTICLE{Lom91,
 author={V. I. Lomonosov},
 title={An extension of {Burnside}'s theorem to infinite
        dimensional spaces},
 journal={Israel J. Math},
 volume=75,
 year=1991,
 pages="329-339",
}

@ARTICLE{Lom92,
 author={V. I. Lomonosov},
 title={On {Real} {Invariant} {Subspaces} of {Bounded} {Operators} with
       {Compact} {Imaginary} {Part}},
 journal={Proc. Amer. Math. Soc.},
 volume=115,
 number=3,
 month=jul,
 year=1992,
 pages="775-777",
}

@ARTICLE{dB59,
 author={L. de Branges},
 title={The {Stone}-{Weierstrass} {Theorem}},
 journal={Proc. Amer. Math. Soc.},
 volume=10,
 year=1959,
 pages="822-824",
}

@ARTICLE{dB93,
 author={L. de Branges},
 title={A construction of invariant subspaces},
 journal={Math. Nachr.},
 volume=163,
 year=1993,
 pages="163-175",
}

@ARTICLE{AAB95,
 author={Y. A. Abramovich and C. D. Aliprantis and O. Burkinshaw},
 title={Another Characterization of the Invariant Subspace Problem},
 journal={Operator Theory in Function Spaces and Banach Lattices.
          {\em The A.C.\,Zaanen Anniversary Volume},
          Operator Theory: Advances and Applications},
 volume={75},
 year={1995},
 pages={15-31},
 note={Birkh\"auser Verlag},
}

@ARTICLE{LM65,
 author={Ju. I. Ljubi\v{c} and V. I. Macaev},
 title={On Operators with a Separable Spectrum},
 journal={Amer. Math. Soc. Transl. (2)},
 volume={47},
 year={1965},
 pages={89-129},
}

% ------------------------------------------------------------------------

@MASTERSTHESIS{Sim90,
 author={A. Simoni\v{c}},
 title={Grupe Operatorjev s Pozitivnim Spektrom},
 school={Univerza v Ljubljani, FNT, Oddelek za Matematiko},
 year={1990},
}

@UNPUBLISHED{Sim91,
 author={A. Simoni\v{c}},
 title={Notes on {Subharmonic} {Functions}},
 note={Lecture Notes, Dalhousie University,
       Department of Mathematics, Statistics, \& Computing Science},
 year={1991},
}

@ARTICLE{Sim92,
 author={A. Simoni\v{c}},
 title={Matrix {Groups} with {Positive} {Spectra}},
 journal={Linear Algebra Appl.},
 volume={173},
 year={1992},
 pages={57-76},
}

@PHDTHESIS{Sim94,
 author={A. Simoni\v{c}},
 title={An {Extension} of {Lomonosov's} {Techniques} to {Non}-{Compact}
       {Operators}},
 school={Dalhousie University,
         Department of Mathematics, Statistics, \& Computing Science},
 year={1994},
}

@ARTICLE{Sim96a,
 author={A. Simoni\v{c}},
 title={A {Construction} of {Lomonosov} {Functions} and
       {Applications} to the {Invariant} {Subspace} {Problem}},
 journal={Pacific J. Math.},
 volume={175},
 pages={257-270},
 year={1996},
}

@ARTICLE{Sim96b,
 author={A. Simoni\v{c}},
 title={An extension of {Lomonosov's} {Techniques} to non-compact
       {Operators}},
 journal={Trans. Amer. Math. Soc.},
 volume={348},
 pages={975-995},
 year={1996},
}

% ------------------------------------------------------------------------
